<?xml version="1.0" encoding="UTF-8"?><collection xmlns="http://www.loc.gov/MARC21/slim"><record><leader>00518nam--2200181-i-4500</leader><controlfield tag="001">000017317</controlfield><controlfield tag="002">20161230</controlfield><controlfield tag="005">20161230201032</controlfield><controlfield tag="008">060222s1000------------r-----000-0-eng-d</controlfield><datafield ind1=" " ind2=" " tag="040"><subfield code="a">IFIN-HH</subfield></datafield><datafield ind1=" " ind2=" " tag="080"><subfield code="a">512.54</subfield></datafield><datafield ind1="1" ind2=" " tag="100"><subfield code="a">Cornwell, J.F</subfield></datafield><datafield ind1="1" ind2="0" tag="245"><subfield code="a">Group theory in physics. vol. iii. supersummetries and infinite-dimensional algebras</subfield><subfield code="c">J.f. cornwell</subfield></datafield><datafield ind1=" " ind2=" " tag="260"><subfield code="a">London</subfield><subfield code="b">Academic Press</subfield><subfield code="c">1989</subfield></datafield><datafield ind1=" " ind2=" " tag="300"><subfield code="a">XXII + 628 P</subfield></datafield><datafield ind1=" " ind2=" " tag="490"><subfield code="a">Techniques Of Physics</subfield></datafield><datafield ind1=" " ind2=" " tag="852"><subfield code="a">39258</subfield><subfield code="c">53</subfield></datafield><datafield ind1=" " ind2=" " tag="CAT"><subfield code="a">Sys</subfield><subfield code="c">20150316</subfield><subfield code="h">153639</subfield></datafield></record></collection>